@article{silver2021reward,
  title={Reward is enough},
  author={Silver, David and Singh, Satinder and Precup, Doina and Sutton, Richard},
  journal={Artificial Intelligence},
  year={2021},
  publisher={Elsevier}
}

@conference{RLvsRL,
  title={Can reinforcement learning learn itself? {A} reply to `{R}eward is enough'},
  year={2021},
  author={Alexander, Samuel Allen},
  booktitle={CIFMA}
}

@inproceedings{alexander2021reward,
  title={Reward-punishment symmetric universal intelligence},
  author={Alexander, Samuel Allen and Hutter, Marcus},
  booktitle={AGI},
  year={2021},
}

@article{legg2007universal,
  title={Universal intelligence: A definition of machine intelligence},
  author={Legg, Shane and Hutter, Marcus},
  journal={Minds and machines},
  volume={17},
  number={4},
  pages={391--444},
  year={2007},
  publisher={Springer}
}

@article{hutter2009discrete,
  title={Discrete MDL predicts in total variation},
  author={Hutter, Marcus},
  journal={Advances in Neural Information Processing Systems},
  volume={22},
  year={2009}
}